%YAML 1.1
%TAG !u! tag:unity3d.com,2011:
--- !u!1 &159190342
GameObject:
  m_ObjectHideFlags: 0
  m_CorrespondingSourceObject: {fileID: 0}
  m_PrefabInstance: {fileID: 0}
  m_PrefabAsset: {fileID: 0}
  serializedVersion: 6
  m_Component:
  - component: {fileID: 159190343}
  - component: {fileID: 159190345}
  - component: {fileID: 159190344}
  - component: {fileID: 1311596611323413436}
  m_Layer: 8
  m_Name: RightHandCollider
  m_TagString: Untagged
  m_Icon: {fileID: 0}
  m_NavMeshLayer: 0
  m_StaticEditorFlags: 0
  m_IsActive: 1
--- !u!4 &159190343
Transform:
  m_ObjectHideFlags: 0
  m_CorrespondingSourceObject: {fileID: 0}
  m_PrefabInstance: {fileID: 0}
  m_PrefabAsset: {fileID: 0}
  m_GameObject: {fileID: 159190342}
  m_LocalRotation: {x: -0.97759986, y: 0.2042078, z: -0.049891464, w: 0.010421706}
  m_LocalPosition: {x: 0.036, y: 0.002, z: 0.014}
  m_LocalScale: {x: 0.14355995, y: 0.14355974, z: 0.14355966}
  m_Children: []
  m_Father: {fileID: 416587742}
  m_RootOrder: 0
  m_LocalEulerAnglesHint: {x: 0, y: 0, z: 0}
--- !u!33 &159190345
MeshFilter:
  m_ObjectHideFlags: 0
  m_CorrespondingSourceObject: {fileID: 0}
  m_PrefabInstance: {fileID: 0}
  m_PrefabAsset: {fileID: 0}
  m_GameObject: {fileID: 159190342}
  m_Mesh: {fileID: 10207, guid: 0000000000000000e000000000000000, type: 0}
--- !u!135 &159190344
SphereCollider:
  m_ObjectHideFlags: 0
  m_CorrespondingSourceObject: {fileID: 0}
  m_PrefabInstance: {fileID: 0}
  m_PrefabAsset: {fileID: 0}
  m_GameObject: {fileID: 159190342}
  m_Material: {fileID: 0}
  m_IsTrigger: 1
  m_Enabled: 1
  serializedVersion: 2
  m_Radius: 0.5
  m_Center: {x: 0, y: 0, z: 0}
--- !u!114 &1311596611323413436
MonoBehaviour:
  m_ObjectHideFlags: 0
  m_CorrespondingSourceObject: {fileID: 0}
  m_PrefabInstance: {fileID: 0}
  m_PrefabAsset: {fileID: 0}
  m_GameObject: {fileID: 159190342}
  m_Enabled: 1
  m_EditorHideFlags: 0
  m_Script: {fileID: 11500000, guid: 36fa86b3eef1cfa4ab342eea1ef548a7, type: 3}
  m_Name: 
  m_EditorClassIdentifier: 
--- !u!1 &278294577
GameObject:
  m_ObjectHideFlags: 0
  m_CorrespondingSourceObject: {fileID: 0}
  m_PrefabInstance: {fileID: 0}
  m_PrefabAsset: {fileID: 0}
  serializedVersion: 6
  m_Component:
  - component: {fileID: 278294578}
  - component: {fileID: 278294579}
  m_Layer: 8
  m_Name: Teddy_Bear
  m_TagString: Untagged
  m_Icon: {fileID: 0}
  m_NavMeshLayer: 0
  m_StaticEditorFlags: 0
  m_IsActive: 1
--- !u!4 &278294578
Transform:
  m_ObjectHideFlags: 0
  m_CorrespondingSourceObject: {fileID: 0}
  m_PrefabInstance: {fileID: 0}
  m_PrefabAsset: {fileID: 0}
  m_GameObject: {fileID: 278294577}
  m_LocalRotation: {x: 0.48044342, y: -0.5188199, z: -0.48044342, w: 0.5188199}
  m_LocalPosition: {x: 0, y: 0.46096462, z: -0.0024980842}
  m_LocalScale: {x: 1, y: 1, z: 1}
  m_Children: []
  m_Father: {fileID: 2081147220}
  m_RootOrder: 4
  m_LocalEulerAnglesHint: {x: 0, y: 0, z: 0}
--- !u!137 &278294579
SkinnedMeshRenderer:
  m_ObjectHideFlags: 0
  m_CorrespondingSourceObject: {fileID: 0}
  m_PrefabInstance: {fileID: 0}
  m_PrefabAsset: {fileID: 0}
  m_GameObject: {fileID: 278294577}
  m_Enabled: 1
  m_CastShadows: 1
  m_ReceiveShadows: 1
  m_DynamicOccludee: 1
  m_MotionVectors: 1
  m_LightProbeUsage: 1
  m_ReflectionProbeUsage: 1
  m_RenderingLayerMask: 1
  m_RendererPriority: 0
  m_Materials:
  - {fileID: 2100000, guid: f5294d661371a4446a8ef1d6690b5f5c, type: 2}
  m_StaticBatchInfo:
    firstSubMesh: 0
    subMeshCount: 0
  m_StaticBatchRoot: {fileID: 0}
  m_ProbeAnchor: {fileID: 0}
  m_LightProbeVolumeOverride: {fileID: 0}
  m_ScaleInLightmap: 1
  m_PreserveUVs: 0
  m_IgnoreNormalsForChartDetection: 0
  m_ImportantGI: 0
  m_StitchLightmapSeams: 0
  m_SelectedEditorRenderState: 3
  m_MinimumChartSize: 4
  m_AutoUVMaxDistance: 0.5
  m_AutoUVMaxAngle: 89
  m_LightmapParameters: {fileID: 0}
  m_SortingLayerID: 0
  m_SortingLayer: 0
  m_SortingOrder: 0
  serializedVersion: 2
  m_Quality: 0
  m_UpdateWhenOffscreen: 0
  m_SkinnedMotionVectors: 1
  m_Mesh: {fileID: 4300000, guid: 8c20c380af461574f99424a22acd34c1, type: 3}
  m_Bones: []
  m_BlendShapeWeights: []
  m_RootBone: {fileID: 0}
  m_AABB:
    m_Center: {x: -0.08179715, y: -0.033249408, z: -0.0007824302}
    m_Extent: {x: 0.63607025, y: 0.3066223, z: 0.5432567}
  m_DirtyAABB: 0
--- !u!1 &281803428
GameObject:
  m_ObjectHideFlags: 0
  m_CorrespondingSourceObject: {fileID: 0}
  m_PrefabInstance: {fileID: 0}
  m_PrefabAsset: {fileID: 0}
  serializedVersion: 6
  m_Component:
  - component: {fileID: 281803429}
  - component: {fileID: 281803431}
  - component: {fileID: 281803430}
  - component: {fileID: 912474386797470555}
  m_Layer: 8
  m_Name: LeftFootCollider
  m_TagString: Untagged
  m_Icon: {fileID: 0}
  m_NavMeshLayer: 0
  m_StaticEditorFlags: 0
  m_IsActive: 1
--- !u!4 &281803429
Transform:
  m_ObjectHideFlags: 0
  m_CorrespondingSourceObject: {fileID: 0}
  m_PrefabInstance: {fileID: 0}
  m_PrefabAsset: {fileID: 0}
  m_GameObject: {fileID: 281803428}
  m_LocalRotation: {x: -0.48074394, y: -0.5185415, z: -0.48074394, w: 0.5185415}
  m_LocalPosition: {x: -0.006018539, y: 0.026343012, z: 0.0016314632}
  m_LocalScale: {x: 0.29040977, y: 0.29040992, z: 0.29040974}
  m_Children: []
  m_Father: {fileID: 416587744}
  m_RootOrder: 0
  m_LocalEulerAnglesHint: {x: 0, y: 0, z: 0}
--- !u!33 &281803431
MeshFilter:
  m_ObjectHideFlags: 0
  m_CorrespondingSourceObject: {fileID: 0}
  m_PrefabInstance: {fileID: 0}
  m_PrefabAsset: {fileID: 0}
  m_GameObject: {fileID: 281803428}
  m_Mesh: {fileID: 10207, guid: 0000000000000000e000000000000000, type: 0}
--- !u!135 &281803430
SphereCollider:
  m_ObjectHideFlags: 0
  m_CorrespondingSourceObject: {fileID: 0}
  m_PrefabInstance: {fileID: 0}
  m_PrefabAsset: {fileID: 0}
  m_GameObject: {fileID: 281803428}
  m_Material: {fileID: 0}
  m_IsTrigger: 1
  m_Enabled: 1
  serializedVersion: 2
  m_Radius: 0.5
  m_Center: {x: 0, y: 0, z: 0}
--- !u!114 &912474386797470555
MonoBehaviour:
  m_ObjectHideFlags: 0
  m_CorrespondingSourceObject: {fileID: 0}
  m_PrefabInstance: {fileID: 0}
  m_PrefabAsset: {fileID: 0}
  m_GameObject: {fileID: 281803428}
  m_Enabled: 1
  m_EditorHideFlags: 0
  m_Script: {fileID: 11500000, guid: 36fa86b3eef1cfa4ab342eea1ef548a7, type: 3}
  m_Name: 
  m_EditorClassIdentifier: 
--- !u!1 &372981765
GameObject:
  m_ObjectHideFlags: 0
  m_CorrespondingSourceObject: {fileID: 0}
  m_PrefabInstance: {fileID: 0}
  m_PrefabAsset: {fileID: 0}
  serializedVersion: 6
  m_Component:
  - component: {fileID: 372981766}
  - component: {fileID: 372981772}
  - component: {fileID: 372981771}
  - component: {fileID: 372981770}
  - component: {fileID: 372981769}
  - component: {fileID: 372981768}
  - component: {fileID: 372981767}
  m_Layer: 9
  m_Name: Vision
  m_TagString: Untagged
  m_Icon: {fileID: 0}
  m_NavMeshLayer: 0
  m_StaticEditorFlags: 127
  m_IsActive: 1
--- !u!4 &372981766
Transform:
  m_ObjectHideFlags: 0
  m_CorrespondingSourceObject: {fileID: 0}
  m_PrefabInstance: {fileID: 0}
  m_PrefabAsset: {fileID: 0}
  m_GameObject: {fileID: 372981765}
  m_LocalRotation: {x: -0.7071068, y: -0, z: -0, w: 0.7071068}
  m_LocalPosition: {x: 0.00999999, y: 0.97800016, z: 3.040001}
  m_LocalScale: {x: 2.9257998, y: 2.9258025, z: 2.9258025}
  m_Children: []
  m_Father: {fileID: 2081147220}
  m_RootOrder: 5
  m_LocalEulerAnglesHint: {x: -90, y: 0, z: 0}
--- !u!33 &372981772
MeshFilter:
  m_ObjectHideFlags: 0
  m_CorrespondingSourceObject: {fileID: 0}
  m_PrefabInstance: {fileID: 0}
  m_PrefabAsset: {fileID: 0}
  m_GameObject: {fileID: 372981765}
  m_Mesh: {fileID: 0}
--- !u!23 &372981771
MeshRenderer:
  m_ObjectHideFlags: 0
  m_CorrespondingSourceObject: {fileID: 0}
  m_PrefabInstance: {fileID: 0}
  m_PrefabAsset: {fileID: 0}
  m_GameObject: {fileID: 372981765}
  m_Enabled: 0
  m_CastShadows: 2
  m_ReceiveShadows: 1
  m_DynamicOccludee: 1
  m_MotionVectors: 1
  m_LightProbeUsage: 1
  m_ReflectionProbeUsage: 1
  m_RenderingLayerMask: 1
  m_RendererPriority: 0
  m_Materials:
  - {fileID: 2100000, guid: a1e97cbf2538241b691aae8243b5fb10, type: 2}
  m_StaticBatchInfo:
    firstSubMesh: 0
    subMeshCount: 0
  m_StaticBatchRoot: {fileID: 0}
  m_ProbeAnchor: {fileID: 0}
  m_LightProbeVolumeOverride: {fileID: 0}
  m_ScaleInLightmap: 1
  m_PreserveUVs: 0
  m_IgnoreNormalsForChartDetection: 0
  m_ImportantGI: 0
  m_StitchLightmapSeams: 0
  m_SelectedEditorRenderState: 2
  m_MinimumChartSize: 4
  m_AutoUVMaxDistance: 0.5
  m_AutoUVMaxAngle: 89
  m_LightmapParameters: {fileID: 0}
  m_SortingLayerID: 0
  m_SortingLayer: 0
  m_SortingOrder: 0
--- !u!114 &372981770
MonoBehaviour:
  m_ObjectHideFlags: 0
  m_CorrespondingSourceObject: {fileID: 0}
  m_PrefabInstance: {fileID: 0}
  m_PrefabAsset: {fileID: 0}
  m_GameObject: {fileID: 372981765}
  m_Enabled: 1
  m_EditorHideFlags: 0
  m_Script: {fileID: 11500000, guid: 8233d90336aea43098adf6dbabd606a2, type: 3}
  m_Name: 
  m_EditorClassIdentifier: 
  _quads:
  - _indices: 020000000100000000000000
    _distinctIndices: 020000000100000000000000
    _edges:
    - x: 2
      y: 1
    - x: 1
      y: 0
    - x: 0
      y: 2
    _smoothingGroup: 0
    _uv:
      useWorldSpace: 0
      flipU: 0
      flipV: 0
      swapUV: 0
      fill: 1
      scale: {x: 1, y: 1}
      offset: {x: 0, y: 0}
      rotation: 0
      justify: 0
      localPivot: {x: -0.00000010430813, y: -0.17206201}
      localSize: {x: 0, y: 0}
      anchor: 9
    _mat: {fileID: 2100000, guid: a1e97cbf2538241b691aae8243b5fb10, type: 2}
    manualUV: 0
    textureGroup: -1
  - _indices: 030000000400000005000000
    _distinctIndices: 030000000400000005000000
    _edges:
    - x: 3
      y: 4
    - x: 4
      y: 5
    - x: 5
      y: 3
    _smoothingGroup: 0
    _uv:
      useWorldSpace: 0
      flipU: 0
      flipV: 0
      swapUV: 0
      fill: 1
      scale: {x: 1, y: 1}
      offset: {x: 0, y: 0}
      rotation: 0
      justify: 0
      localPivot: {x: -0.5, y: 0.4330126}
      localSize: {x: 0, y: 0}
      anchor: 9
    _mat: {fileID: 2100000, guid: a1e97cbf2538241b691aae8243b5fb10, type: 2}
    manualUV: 0
    textureGroup: -1
  - _indices: 080000000700000006000000
    _distinctIndices: 080000000700000006000000
    _edges:
    - x: 8
      y: 7
    - x: 7
      y: 6
    - x: 6
      y: 8
    _smoothingGroup: 0
    _uv:
      useWorldSpace: 0
      flipU: 0
      flipV: 0
      swapUV: 0
      fill: 1
      scale: {x: 1, y: 1}
      offset: {x: 0, y: 0}
      rotation: 0
      justify: 0
      localPivot: {x: -0.000000059604645, y: -0.17206201}
      localSize: {x: 0, y: 0}
      anchor: 9
    _mat: {fileID: 2100000, guid: a1e97cbf2538241b691aae8243b5fb10, type: 2}
    manualUV: 0
    textureGroup: -1
  - _indices: 090000000a0000000b000000
    _distinctIndices: 090000000a0000000b000000
    _edges:
    - x: 9
      y: 10
    - x: 10
      y: 11
    - x: 11
      y: 9
    _smoothingGroup: 0
    _uv:
      useWorldSpace: 0
      flipU: 0
      flipV: 0
      swapUV: 0
      fill: 1
      scale: {x: 1, y: 1}
      offset: {x: 0, y: 0}
      rotation: 0
      justify: 0
      localPivot: {x: 0, y: 0.4330126}
      localSize: {x: 0, y: 0}
      anchor: 9
    _mat: {fileID: 2100000, guid: a1e97cbf2538241b691aae8243b5fb10, type: 2}
    manualUV: 0
    textureGroup: -1
  - _indices: 0e0000000d0000000c000000
    _distinctIndices: 0e0000000d0000000c000000
    _edges:
    - x: 14
      y: 13
    - x: 13
      y: 12
    - x: 12
      y: 14
    _smoothingGroup: 0
    _uv:
      useWorldSpace: 0
      flipU: 0
      flipV: 0
      swapUV: 0
      fill: 1
      scale: {x: 1, y: 1}
      offset: {x: 0, y: 0}
      rotation: 0
      justify: 0
      localPivot: {x: 0.00000014901161, y: -0.17206201}
      localSize: {x: 0, y: 0}
      anchor: 9
    _mat: {fileID: 2100000, guid: a1e97cbf2538241b691aae8243b5fb10, type: 2}
    manualUV: 0
    textureGroup: -1
  - _indices: 0f0000001000000011000000
    _distinctIndices: 0f0000001000000011000000
    _edges:
    - x: 15
      y: 16
    - x: 16
      y: 17
    - x: 17
      y: 15
    _smoothingGroup: 0
    _uv:
      useWorldSpace: 0
      flipU: 0
      flipV: 0
      swapUV: 0
      fill: 1
      scale: {x: 1, y: 1}
      offset: {x: 0, y: 0}
      rotation: 0
      justify: 0
      localPivot: {x: 0.5, y: 0.43301255}
      localSize: {x: 0, y: 0}
      anchor: 9
    _mat: {fileID: 2100000, guid: a1e97cbf2538241b691aae8243b5fb10, type: 2}
    manualUV: 0
    textureGroup: -1
  - _indices: 140000001300000012000000
    _distinctIndices: 140000001300000012000000
    _edges:
    - x: 20
      y: 19
    - x: 19
      y: 18
    - x: 18
      y: 20
    _smoothingGroup: 0
    _uv:
      useWorldSpace: 0
      flipU: 0
      flipV: 0
      swapUV: 0
      fill: 1
      scale: {x: 1, y: 1}
      offset: {x: 0, y: 0}
      rotation: 0
      justify: 0
      localPivot: {x: 0.00000011920929, y: -0.17206204}
      localSize: {x: 0, y: 0}
      anchor: 9
    _mat: {fileID: 2100000, guid: a1e97cbf2538241b691aae8243b5fb10, type: 2}
    manualUV: 0
    textureGroup: -1
  - _indices: 150000001600000017000000
    _distinctIndices: 150000001600000017000000
    _edges:
    - x: 21
      y: 22
    - x: 22
      y: 23
    - x: 23
      y: 21
    _smoothingGroup: 0
    _uv:
      useWorldSpace: 0
      flipU: 0
      flipV: 0
      swapUV: 0
      fill: 1
      scale: {x: 1, y: 1}
      offset: {x: 0, y: 0}
      rotation: 0
      justify: 0
      localPivot: {x: 0.5, y: -0.43301284}
      localSize: {x: 0, y: 0}
      anchor: 9
    _mat: {fileID: 2100000, guid: a1e97cbf2538241b691aae8243b5fb10, type: 2}
    manualUV: 0
    textureGroup: -1
  - _indices: 1a0000001900000018000000
    _distinctIndices: 1a0000001900000018000000
    _edges:
    - x: 26
      y: 25
    - x: 25
      y: 24
    - x: 24
      y: 26
    _smoothingGroup: 0
    _uv:
      useWorldSpace: 0
      flipU: 0
      flipV: 0
      swapUV: 0
      fill: 1
      scale: {x: 1, y: 1}
      offset: {x: 0, y: 0}
      rotation: 0
      justify: 0
      localPivot: {x: 0, y: -0.17206207}
      localSize: {x: 0, y: 0}
      anchor: 9
    _mat: {fileID: 2100000, guid: a1e97cbf2538241b691aae8243b5fb10, type: 2}
    manualUV: 0
    textureGroup: -1
  - _indices: 1b0000001c0000001d000000
    _distinctIndices: 1b0000001c0000001d000000
    _edges:
    - x: 27
      y: 28
    - x: 28
      y: 29
    - x: 29
      y: 27
    _smoothingGroup: 0
    _uv:
      useWorldSpace: 0
      flipU: 0
      flipV: 0
      swapUV: 0
      fill: 1
      scale: {x: 1, y: 1}
      offset: {x: 0, y: 0}
      rotation: 0
      justify: 0
      localPivot: {x: 0, y: -0.43301284}
      localSize: {x: 0, y: 0}
      anchor: 9
    _mat: {fileID: 2100000, guid: a1e97cbf2538241b691aae8243b5fb10, type: 2}
    manualUV: 0
    textureGroup: -1
  - _indices: 200000001f0000001e000000
    _distinctIndices: 200000001f0000001e000000
    _edges:
    - x: 32
      y: 31
    - x: 31
      y: 30
    - x: 30
      y: 32
    _smoothingGroup: 0
    _uv:
      useWorldSpace: 0
      flipU: 0
      flipV: 0
      swapUV: 0
      fill: 1
      scale: {x: 1, y: 1}
      offset: {x: 0, y: 0}
      rotation: 0
      justify: 0
      localPivot: {x: -0.000000074505806, y: -0.17206204}
      localSize: {x: 0, y: 0}
      anchor: 9
    _mat: {fileID: 2100000, guid: a1e97cbf2538241b691aae8243b5fb10, type: 2}
    manualUV: 0
    textureGroup: -1
  - _indices: 210000002200000023000000
    _distinctIndices: 210000002200000023000000
    _edges:
    - x: 33
      y: 34
    - x: 34
      y: 35
    - x: 35
      y: 33
    _smoothingGroup: 0
    _uv:
      useWorldSpace: 0
      flipU: 0
      flipV: 0
      swapUV: 0
      fill: 1
      scale: {x: 1, y: 1}
      offset: {x: 0, y: 0}
      rotation: 0
      justify: 0
      localPivot: {x: -0.5, y: -0.43301284}
      localSize: {x: 0, y: 0}
      anchor: 9
    _mat: {fileID: 2100000, guid: a1e97cbf2538241b691aae8243b5fb10, type: 2}
    manualUV: 0
    textureGroup: -1
  _sharedIndices:
  - array: 00000000030000001f00000022000000
  - array: 01000000040000000600000009000000
  - array: 02000000080000000e000000140000001a00000020000000
  - array: 050000000b00000011000000170000001d00000023000000
  - array: 070000000a0000000c0000000f000000
  - array: 0d000000100000001200000015000000
  - array: 1300000016000000180000001b000000
  - array: 190000001c0000001e00000021000000
  _vertices:
  - {x: 1, y: -1.0000002, z: -0.0000001192093}
  - {x: 0.5, y: -1.0000002, z: 0.8660253}
  - {x: 0, y: 0.99999976, z: -0.0000001192093}
  - {x: 1, y: -1.0000002, z: -0.0000001192093}
  - {x: 0.5, y: -1.0000002, z: 0.8660253}
  - {x: 0, y: -1.0000002, z: -0.0000001192093}
  - {x: 0.5, y: -1.0000002, z: 0.8660253}
  - {x: -0.5, y: -1.0000002, z: 0.86602527}
  - {x: 0, y: 0.99999976, z: -0.0000001192093}
  - {x: 0.5, y: -1.0000002, z: 0.8660253}
  - {x: -0.5, y: -1.0000002, z: 0.86602527}
  - {x: 0, y: -1.0000002, z: -0.0000001192093}
  - {x: -0.5, y: -1.0000002, z: 0.86602527}
  - {x: -1, y: -1.0000002, z: -0.00000020663208}
  - {x: 0, y: 0.99999976, z: -0.0000001192093}
  - {x: -0.5, y: -1.0000002, z: 0.86602527}
  - {x: -1, y: -1.0000002, z: -0.00000020663208}
  - {x: 0, y: -1.0000002, z: -0.0000001192093}
  - {x: -1, y: -1.0000002, z: -0.00000020663208}
  - {x: -0.49999988, y: -1.0000002, z: -0.86602557}
  - {x: 0, y: 0.99999976, z: -0.0000001192093}
  - {x: -1, y: -1.0000002, z: -0.00000020663208}
  - {x: -0.49999988, y: -1.0000002, z: -0.86602557}
  - {x: 0, y: -1.0000002, z: -0.0000001192093}
  - {x: -0.49999988, y: -1.0000002, z: -0.86602557}
  - {x: 0.49999988, y: -1.0000002, z: -0.86602557}
  - {x: 0, y: 0.99999976, z: -0.0000001192093}
  - {x: -0.49999988, y: -1.0000002, z: -0.86602557}
  - {x: 0.49999988, y: -1.0000002, z: -0.86602557}
  - {x: 0, y: -1.0000002, z: -0.0000001192093}
  - {x: 0.49999988, y: -1.0000002, z: -0.86602557}
  - {x: 1, y: -1.0000002, z: -0.0000001192093}
  - {x: 0, y: 0.99999976, z: -0.0000001192093}
  - {x: 0.49999988, y: -1.0000002, z: -0.86602557}
  - {x: 1, y: -1.0000002, z: -0.0000001192093}
  - {x: 0, y: -1.0000002, z: -0.0000001192093}
  _uv:
  - {x: -0.5000001, y: -1.2617868}
  - {x: 0.4999999, y: -1.2617868}
  - {x: -0.000000103238285, y: 0.9176628}
  - {x: -1, y: -0.0000001192093}
  - {x: -0.5, y: 0.8660253}
  - {x: -0, y: -0.0000001192093}
  - {x: -0.50000006, y: -1.2617868}
  - {x: 0.49999994, y: -1.2617868}
  - {x: 7.105428e-15, y: 0.9176628}
  - {x: -0.5, y: 0.8660253}
  - {x: 0.5, y: 0.86602527}
  - {x: -0, y: -0.0000001192093}
  - {x: -0.49999988, y: -1.2617868}
  - {x: 0.5000002, y: -1.2617868}
  - {x: 0.000000103238285, y: 0.9176628}
  - {x: 0.5, y: 0.86602527}
  - {x: 1, y: -0.00000020663208}
  - {x: 0, y: -0.0000001192093}
  - {x: -0.49999988, y: -1.2617868}
  - {x: 0.5000001, y: -1.2617868}
  - {x: 0.00000010323828, y: 0.91766274}
  - {x: 1, y: -0.00000020663208}
  - {x: 0.49999988, y: -0.86602557}
  - {x: -0, y: -0.0000001192093}
  - {x: -0.49999988, y: -1.2617868}
  - {x: 0.49999988, y: -1.2617868}
  - {x: 0, y: 0.9176627}
  - {x: 0.49999988, y: -0.86602557}
  - {x: -0.49999988, y: -0.86602557}
  - {x: -0, y: -0.0000001192093}
  - {x: -0.5000001, y: -1.2617868}
  - {x: 0.49999997, y: -1.2617868}
  - {x: -0.00000010323828, y: 0.91766274}
  - {x: -0.49999988, y: -0.86602557}
  - {x: -1, y: -0.0000001192093}
  - {x: -0, y: -0.0000001192093}
  _uv3: []
  _uv4: []
  _tangents: []
  _sharedIndicesUV: []
  _colors:
  - {r: 1, g: 1, b: 1, a: 1}
  - {r: 1, g: 1, b: 1, a: 1}
  - {r: 1, g: 1, b: 1, a: 1}
  - {r: 1, g: 1, b: 1, a: 1}
  - {r: 1, g: 1, b: 1, a: 1}
  - {r: 1, g: 1, b: 1, a: 1}
  - {r: 1, g: 1, b: 1, a: 1}
  - {r: 1, g: 1, b: 1, a: 1}
  - {r: 1, g: 1, b: 1, a: 1}
  - {r: 1, g: 1, b: 1, a: 1}
  - {r: 1, g: 1, b: 1, a: 1}
  - {r: 1, g: 1, b: 1, a: 1}
  - {r: 1, g: 1, b: 1, a: 1}
  - {r: 1, g: 1, b: 1, a: 1}
  - {r: 1, g: 1, b: 1, a: 1}
  - {r: 1, g: 1, b: 1, a: 1}
  - {r: 1, g: 1, b: 1, a: 1}
  - {r: 1, g: 1, b: 1, a: 1}
  - {r: 1, g: 1, b: 1, a: 1}
  - {r: 1, g: 1, b: 1, a: 1}
  - {r: 1, g: 1, b: 1, a: 1}
  - {r: 1, g: 1, b: 1, a: 1}
  - {r: 1, g: 1, b: 1, a: 1}
  - {r: 1, g: 1, b: 1, a: 1}
  - {r: 1, g: 1, b: 1, a: 1}
  - {r: 1, g: 1, b: 1, a: 1}
  - {r: 1, g: 1, b: 1, a: 1}
  - {r: 1, g: 1, b: 1, a: 1}
  - {r: 1, g: 1, b: 1, a: 1}
  - {r: 1, g: 1, b: 1, a: 1}
  - {r: 1, g: 1, b: 1, a: 1}
  - {r: 1, g: 1, b: 1, a: 1}
  - {r: 1, g: 1, b: 1, a: 1}
  - {r: 1, g: 1, b: 1, a: 1}
  - {r: 1, g: 1, b: 1, a: 1}
  - {r: 1, g: 1, b: 1, a: 1}
  userCollisions: 0
  isSelectable: 1
  unwrapParameters:
    hardAngle: 88
    packMargin: 4
    angleError: 8
    areaError: 15
  dontDestroyMeshOnDelete: 0
  m_selectedFaces: 
  m_SelectedEdges: []
  m_selectedTriangles: 
--- !u!64 &372981769
MeshCollider:
  m_ObjectHideFlags: 0
  m_CorrespondingSourceObject: {fileID: 0}
  m_PrefabInstance: {fileID: 0}
  m_PrefabAsset: {fileID: 0}
  m_GameObject: {fileID: 372981765}
  m_Material: {fileID: 0}
  m_IsTrigger: 1
  m_Enabled: 1
  serializedVersion: 3
  m_Convex: 1
  m_CookingOptions: 0
  m_Mesh: {fileID: 0}
--- !u!114 &372981768
MonoBehaviour:
  m_ObjectHideFlags: 0
  m_CorrespondingSourceObject: {fileID: 0}
  m_PrefabInstance: {fileID: 0}
  m_PrefabAsset: {fileID: 0}
  m_GameObject: {fileID: 372981765}
  m_Enabled: 1
  m_EditorHideFlags: 0
  m_Script: {fileID: 11500000, guid: 4eb4b507ff52e40f58f68c2065e32636, type: 3}
  m_Name: 
  m_EditorClassIdentifier: 
  manageVisibility: 1
--- !u!114 &372981767
MonoBehaviour:
  m_ObjectHideFlags: 0
  m_CorrespondingSourceObject: {fileID: 0}
  m_PrefabInstance: {fileID: 0}
  m_PrefabAsset: {fileID: 0}
  m_GameObject: {fileID: 372981765}
  m_Enabled: 1
  m_EditorHideFlags: 0
  m_Script: {fileID: 11500000, guid: 4173db5a1ec370c4a8acc5a05a152f33, type: 3}
  m_Name: 
  m_EditorClassIdentifier: 
--- !u!1 &454210414
GameObject:
  m_ObjectHideFlags: 0
  m_CorrespondingSourceObject: {fileID: 0}
  m_PrefabInstance: {fileID: 0}
  m_PrefabAsset: {fileID: 0}
  serializedVersion: 6
  m_Component:
  - component: {fileID: 416587741}
  m_Layer: 8
  m_Name: Left_WristJoint01
  m_TagString: Untagged
  m_Icon: {fileID: 0}
  m_NavMeshLayer: 0
  m_StaticEditorFlags: 0
  m_IsActive: 1
--- !u!4 &416587741
Transform:
  m_ObjectHideFlags: 0
  m_CorrespondingSourceObject: {fileID: 0}
  m_PrefabInstance: {fileID: 0}
  m_PrefabAsset: {fileID: 0}
  m_GameObject: {fileID: 454210414}
  m_LocalRotation: {x: 0.000000029802322, y: -0.000000014901161, z: -0.0000000081490725,
    w: 1}
  m_LocalPosition: {x: -0.41016906, y: 0.6192626, z: -0.049066637}
  m_LocalScale: {x: 1, y: 0.9999998, z: 0.9999999}
  m_Children:
  - {fileID: 1101565981}
  m_Father: {fileID: 2081147220}
  m_RootOrder: 1
  m_LocalEulerAnglesHint: {x: 0, y: 0, z: 0}
--- !u!1 &1101565980
GameObject:
  m_ObjectHideFlags: 0
  m_CorrespondingSourceObject: {fileID: 0}
  m_PrefabInstance: {fileID: 0}
  m_PrefabAsset: {fileID: 0}
  serializedVersion: 6
  m_Component:
  - component: {fileID: 1101565981}
  - component: {fileID: 1101565984}
  - component: {fileID: 1101565982}
  - component: {fileID: 841207820612221352}
  m_Layer: 8
  m_Name: LeftHandCollider
  m_TagString: Untagged
  m_Icon: {fileID: 0}
  m_NavMeshLayer: 0
  m_StaticEditorFlags: 0
  m_IsActive: 1
--- !u!4 &1101565981
Transform:
  m_ObjectHideFlags: 0
  m_CorrespondingSourceObject: {fileID: 0}
  m_PrefabInstance: {fileID: 0}
  m_PrefabAsset: {fileID: 0}
  m_GameObject: {fileID: 1101565980}
  m_LocalRotation: {x: -0.000000029802322, y: 0.000000014901161, z: 0.0000000081490725,
    w: 1}
  m_LocalPosition: {x: -0.034, y: -0.017, z: -0.01}
  m_LocalScale: {x: 0.14356, y: 0.14356, z: 0.14356}
  m_Children: []
  m_Father: {fileID: 416587741}
  m_RootOrder: 0
  m_LocalEulerAnglesHint: {x: 0, y: 0, z: 0}
--- !u!33 &1101565984
MeshFilter:
  m_ObjectHideFlags: 0
  m_CorrespondingSourceObject: {fileID: 0}
  m_PrefabInstance: {fileID: 0}
  m_PrefabAsset: {fileID: 0}
  m_GameObject: {fileID: 1101565980}
  m_Mesh: {fileID: 10207, guid: 0000000000000000e000000000000000, type: 0}
--- !u!135 &1101565982
SphereCollider:
  m_ObjectHideFlags: 0
  m_CorrespondingSourceObject: {fileID: 0}
  m_PrefabInstance: {fileID: 0}
  m_PrefabAsset: {fileID: 0}
  m_GameObject: {fileID: 1101565980}
  m_Material: {fileID: 0}
  m_IsTrigger: 1
  m_Enabled: 1
  serializedVersion: 2
  m_Radius: 0.5
  m_Center: {x: 0, y: 0, z: 0}
--- !u!114 &841207820612221352
MonoBehaviour:
  m_ObjectHideFlags: 0
  m_CorrespondingSourceObject: {fileID: 0}
  m_PrefabInstance: {fileID: 0}
  m_PrefabAsset: {fileID: 0}
  m_GameObject: {fileID: 1101565980}
  m_Enabled: 1
  m_EditorHideFlags: 0
  m_Script: {fileID: 11500000, guid: 36fa86b3eef1cfa4ab342eea1ef548a7, type: 3}
  m_Name: 
  m_EditorClassIdentifier: 
--- !u!1 &2081147218
GameObject:
  m_ObjectHideFlags: 0
  m_CorrespondingSourceObject: {fileID: 0}
  m_PrefabInstance: {fileID: 0}
  m_PrefabAsset: {fileID: 0}
  serializedVersion: 6
  m_Component:
  - component: {fileID: 2081147220}
  - component: {fileID: 2081147224}
  - component: {fileID: 2081147219}
  - component: {fileID: 2081147221}
  - component: {fileID: 2081147222}
  m_Layer: 8
  m_Name: Enemy_Teddy
  m_TagString: enemigo
  m_Icon: {fileID: 0}
  m_NavMeshLayer: 0
  m_StaticEditorFlags: 0
  m_IsActive: 1
--- !u!4 &2081147220
Transform:
  m_ObjectHideFlags: 0
  m_CorrespondingSourceObject: {fileID: 0}
  m_PrefabInstance: {fileID: 0}
  m_PrefabAsset: {fileID: 0}
  m_GameObject: {fileID: 2081147218}
  m_LocalRotation: {x: 0, y: 0, z: 0, w: 1}
  m_LocalPosition: {x: 1.83, y: 4.922, z: -72.4}
  m_LocalScale: {x: 1, y: 1, z: 1}
  m_Children:
  - {fileID: 416587744}
  - {fileID: 416587741}
  - {fileID: 416587743}
  - {fileID: 416587742}
  - {fileID: 278294578}
  - {fileID: 372981766}
  - {fileID: 2655747642017448350}
  m_Father: {fileID: 0}
  m_RootOrder: 0
  m_LocalEulerAnglesHint: {x: 0, y: 0, z: 0}
--- !u!95 &2081147224
Animator:
  serializedVersion: 3
  m_ObjectHideFlags: 0
  m_CorrespondingSourceObject: {fileID: 0}
  m_PrefabInstance: {fileID: 0}
  m_PrefabAsset: {fileID: 0}
  m_GameObject: {fileID: 2081147218}
  m_Enabled: 1
  m_Avatar: {fileID: 9000000, guid: 8c20c380af461574f99424a22acd34c1, type: 3}
  m_Controller: {fileID: 9100000, guid: d1570ad0113068a4492eddcbcf4176b4, type: 2}
  m_CullingMode: 1
  m_UpdateMode: 0
  m_ApplyRootMotion: 0
  m_LinearVelocityBlending: 0
  m_WarningMessage: 
  m_HasTransformHierarchy: 0
  m_AllowConstantClipSamplingOptimization: 1
  m_KeepAnimatorControllerStateOnDisable: 0
--- !u!136 &2081147219
CapsuleCollider:
  m_ObjectHideFlags: 0
  m_CorrespondingSourceObject: {fileID: 0}
  m_PrefabInstance: {fileID: 0}
  m_PrefabAsset: {fileID: 0}
  m_GameObject: {fileID: 2081147218}
  m_Material: {fileID: 0}
  m_IsTrigger: 0
  m_Enabled: 1
  m_Radius: 0.3
  m_Height: 1.2
  m_Direction: 1
  m_Center: {x: 0, y: 0.58, z: 0}
--- !u!195 &2081147221
NavMeshAgent:
  m_ObjectHideFlags: 0
  m_CorrespondingSourceObject: {fileID: 0}
  m_PrefabInstance: {fileID: 0}
  m_PrefabAsset: {fileID: 0}
  m_GameObject: {fileID: 2081147218}
  m_Enabled: 1
  m_AgentTypeID: 0
  m_Radius: 0.3
  m_Speed: 2.5
  m_Acceleration: 4
  avoidancePriority: 50
  m_AngularSpeed: 120
  m_StoppingDistance: 2
  m_AutoTraverseOffMeshLink: 1
  m_AutoBraking: 1
  m_AutoRepath: 1
  m_Height: 1
  m_BaseOffset: 0
  m_WalkableMask: 1
  m_ObstacleAvoidanceType: 4
--- !u!114 &2081147222
MonoBehaviour:
  m_ObjectHideFlags: 0
  m_CorrespondingSourceObject: {fileID: 0}
  m_PrefabInstance: {fileID: 0}
  m_PrefabAsset: {fileID: 0}
  m_GameObject: {fileID: 2081147218}
  m_Enabled: 1
  m_EditorHideFlags: 0
  m_Script: {fileID: 11500000, guid: 2d4564d44b509764d854136e016ac77b, type: 3}
  m_Name: 
  m_EditorClassIdentifier: 
  triggerColliderTag: 
  health: 50
  hitDamage: 10
  updatePatrolPosition: 2
  detectionRadius: 3
  detectWithTrigger: 0
  m_screams: []
  m_dies: []
  m_grunts: []
  m_attacks: []
  m_bites: []
  patrolRange: {x: -5, y: 5}
--- !u!1 &2118087467
GameObject:
  m_ObjectHideFlags: 0
  m_CorrespondingSourceObject: {fileID: 0}
  m_PrefabInstance: {fileID: 0}
  m_PrefabAsset: {fileID: 0}
  serializedVersion: 6
  m_Component:
  - component: {fileID: 2118087468}
  - component: {fileID: 2118087470}
  - component: {fileID: 2118087469}
  - component: {fileID: 1378308466856192891}
  m_Layer: 8
  m_Name: RightFootCollider
  m_TagString: Untagged
  m_Icon: {fileID: 0}
  m_NavMeshLayer: 0
  m_StaticEditorFlags: 0
  m_IsActive: 1
--- !u!4 &2118087468
Transform:
  m_ObjectHideFlags: 0
  m_CorrespondingSourceObject: {fileID: 0}
  m_PrefabInstance: {fileID: 0}
  m_PrefabAsset: {fileID: 0}
  m_GameObject: {fileID: 2118087467}
  m_LocalRotation: {x: -0.64714897, y: 0.284953, z: -0.64714897, w: -0.2849529}
  m_LocalPosition: {x: 0.0213, y: -0.0165, z: -0.002}
  m_LocalScale: {x: 0.290406, y: 0.2904062, z: 0.2904062}
  m_Children: []
  m_Father: {fileID: 416587743}
  m_RootOrder: 0
  m_LocalEulerAnglesHint: {x: 0, y: 0, z: 0}
--- !u!33 &2118087470
MeshFilter:
  m_ObjectHideFlags: 0
  m_CorrespondingSourceObject: {fileID: 0}
  m_PrefabInstance: {fileID: 0}
  m_PrefabAsset: {fileID: 0}
  m_GameObject: {fileID: 2118087467}
  m_Mesh: {fileID: 10207, guid: 0000000000000000e000000000000000, type: 0}
--- !u!135 &2118087469
SphereCollider:
  m_ObjectHideFlags: 0
  m_CorrespondingSourceObject: {fileID: 0}
  m_PrefabInstance: {fileID: 0}
  m_PrefabAsset: {fileID: 0}
  m_GameObject: {fileID: 2118087467}
  m_Material: {fileID: 0}
  m_IsTrigger: 1
  m_Enabled: 1
  serializedVersion: 2
  m_Radius: 0.5
  m_Center: {x: 0, y: 0, z: 0}
--- !u!114 &1378308466856192891
MonoBehaviour:
  m_ObjectHideFlags: 0
  m_CorrespondingSourceObject: {fileID: 0}
  m_PrefabInstance: {fileID: 0}
  m_PrefabAsset: {fileID: 0}
  m_GameObject: {fileID: 2118087467}
  m_Enabled: 1
  m_EditorHideFlags: 0
  m_Script: {fileID: 11500000, guid: 36fa86b3eef1cfa4ab342eea1ef548a7, type: 3}
  m_Name: 
  m_EditorClassIdentifier: 
--- !u!1 &1256300031656900480
GameObject:
  m_ObjectHideFlags: 0
  m_CorrespondingSourceObject: {fileID: 0}
  m_PrefabInstance: {fileID: 0}
  m_PrefabAsset: {fileID: 0}
  serializedVersion: 6
  m_Component:
  - component: {fileID: 416587744}
  m_Layer: 0
  m_Name: Left_AnkleJoint01
  m_TagString: Untagged
  m_Icon: {fileID: 0}
  m_NavMeshLayer: 0
  m_StaticEditorFlags: 0
  m_IsActive: 1
--- !u!4 &416587744
Transform:
  m_ObjectHideFlags: 0
  m_CorrespondingSourceObject: {fileID: 0}
  m_PrefabInstance: {fileID: 0}
  m_PrefabAsset: {fileID: 0}
  m_GameObject: {fileID: 1256300031656900480}
  m_LocalRotation: {x: 0.48074394, y: 0.5185415, z: 0.48074394, w: 0.5185415}
  m_LocalPosition: {x: -0.16831562, y: 0.11393854, z: -0.054508675}
  m_LocalScale: {x: 1.0000008, y: 1.0000013, z: 1.0000011}
  m_Children:
  - {fileID: 281803429}
  m_Father: {fileID: 2081147220}
  m_RootOrder: 0
  m_LocalEulerAnglesHint: {x: 0, y: 0, z: 0}
--- !u!1 &3554995883528203497
GameObject:
  m_ObjectHideFlags: 0
  m_CorrespondingSourceObject: {fileID: 0}
  m_PrefabInstance: {fileID: 0}
  m_PrefabAsset: {fileID: 0}
  serializedVersion: 6
  m_Component:
  - component: {fileID: 416587743}
  m_Layer: 0
  m_Name: Right_AnkleJoint01
  m_TagString: Untagged
  m_Icon: {fileID: 0}
  m_NavMeshLayer: 0
  m_StaticEditorFlags: 0
  m_IsActive: 1
--- !u!4 &416587743
Transform:
  m_ObjectHideFlags: 0
  m_CorrespondingSourceObject: {fileID: 0}
  m_PrefabInstance: {fileID: 0}
  m_PrefabAsset: {fileID: 0}
  m_GameObject: {fileID: 3554995883528203497}
  m_LocalRotation: {x: 0.647149, y: -0.28495303, z: 0.647149, w: -0.28495294}
  m_LocalPosition: {x: 0.16831607, y: 0.11393891, z: -0.054508634}
  m_LocalScale: {x: 1.0000005, y: 1.0000004, z: 1.0000006}
  m_Children:
  - {fileID: 2118087468}
  m_Father: {fileID: 2081147220}
  m_RootOrder: 2
  m_LocalEulerAnglesHint: {x: 0, y: 0, z: 0}
--- !u!1 &3664347169807551031
GameObject:
  m_ObjectHideFlags: 0
  m_CorrespondingSourceObject: {fileID: 0}
  m_PrefabInstance: {fileID: 0}
  m_PrefabAsset: {fileID: 0}
  serializedVersion: 6
  m_Component:
  - component: {fileID: 2655747642017448350}
  - component: {fileID: 8599473827849930691}
  m_Layer: 8
  m_Name: Muerte
  m_TagString: Untagged
  m_Icon: {fileID: 0}
  m_NavMeshLayer: 0
  m_StaticEditorFlags: 0
  m_IsActive: 1
--- !u!4 &2655747642017448350
Transform:
  m_ObjectHideFlags: 0
  m_CorrespondingSourceObject: {fileID: 0}
  m_PrefabInstance: {fileID: 0}
  m_PrefabAsset: {fileID: 0}
  m_GameObject: {fileID: 3664347169807551031}
  m_LocalRotation: {x: 0, y: 0, z: 0, w: 1}
  m_LocalPosition: {x: 0, y: 0, z: 0}
  m_LocalScale: {x: 1, y: 1, z: 1}
  m_Children: []
  m_Father: {fileID: 2081147220}
  m_RootOrder: 6
  m_LocalEulerAnglesHint: {x: 0, y: 0, z: 0}
--- !u!65 &8599473827849930691
BoxCollider:
  m_ObjectHideFlags: 0
  m_CorrespondingSourceObject: {fileID: 0}
  m_PrefabInstance: {fileID: 0}
  m_PrefabAsset: {fileID: 0}
  m_GameObject: {fileID: 3664347169807551031}
  m_Material: {fileID: 0}
  m_IsTrigger: 1
  m_Enabled: 1
  serializedVersion: 2
  m_Size: {x: 1, y: 1.2, z: 0.3}
  m_Center: {x: 0, y: 0.6, z: -0.15}
--- !u!1 &6059984322912737814
GameObject:
  m_ObjectHideFlags: 0
  m_CorrespondingSourceObject: {fileID: 0}
  m_PrefabInstance: {fileID: 0}
  m_PrefabAsset: {fileID: 0}
  serializedVersion: 6
  m_Component:
  - component: {fileID: 416587742}
  m_Layer: 0
  m_Name: Right_WristJoint01
  m_TagString: Untagged
  m_Icon: {fileID: 0}
  m_NavMeshLayer: 0
  m_StaticEditorFlags: 0
  m_IsActive: 1
--- !u!4 &416587742
Transform:
  m_ObjectHideFlags: 0
  m_CorrespondingSourceObject: {fileID: 0}
  m_PrefabInstance: {fileID: 0}
  m_PrefabAsset: {fileID: 0}
  m_GameObject: {fileID: 6059984322912737814}
  m_LocalRotation: {x: 0.97759986, y: -0.2042078, z: 0.049891464, w: 0.010421706}
  m_LocalPosition: {x: 0.4101689, y: 0.619263, z: -0.04906658}
  m_LocalScale: {x: 0.99999994, y: 1.0000024, z: 1.0000026}
  m_Children:
  - {fileID: 159190343}
  m_Father: {fileID: 2081147220}
  m_RootOrder: 3
  m_LocalEulerAnglesHint: {x: 0, y: 0, z: 0}
